@article{Andrews_2009,
  title={Accurate particle-based simulation of adsorption, desorption and partial transmission},
  author={Andrews, Steven S},
  journal={Physical biology},
  volume={6},
  number={4},
  pages={046015},
  year={2009},
  publisher={IOP Publishing}
}

@incollection{Andrews_2011,
  title={Spatial and stochastic cellular modeling with the Smoldyn simulator},
  author={Andrews, Steven S},
  booktitle={Bacterial Molecular Networks: Methods and Protocols},
  pages={519--542},
  year={2011},
  publisher={Springer}
}

@article{Andrews_2014,
  title={Methods for modeling cytoskeletal and DNA filaments},
  author={Andrews, Steven S},
  journal={Physical biology},
  volume={11},
  number={1},
  pages={011001},
  year={2014},
  publisher={IOP Publishing}
}

@article{Andrews_2017,
  title={Smoldyn: particle-based simulation with rule-based modeling, improved molecular interaction and a library interface},
  author={Andrews, Steven S},
  journal={Bioinformatics},
  volume={33},
  number={5},
  pages={710--717},
  year={2017},
  publisher={Oxford University Press}
}

@article{Andrews_2019,
  title={Rule-based modeling using wildcards in the Smoldyn simulator},
  author={Andrews, Steven S},
  journal={Modeling Biomolecular Site Dynamics: Methods and Protocols},
  pages={179--202},
  year={2019},
  publisher={Springer}
}

@article{Andrews_Arkin_2010,
  title={Detailed simulations of cell biology with Smoldyn 2.1},
  author={Andrews, Steven S and Addy, Nathan J and Brent, Roger and Arkin, Adam P},
  journal={PLoS computational biology},
  volume={6},
  number={3},
  pages={e1000705},
  year={2010},
  publisher={Public Library of Science San Francisco, USA}
}

@article{Andrews_Bray_2004,
  title={Stochastic simulation of chemical reactions with spatial resolution and single molecule detail},
  author={Andrews, Steven S and Bray, Dennis},
  journal={Physical biology},
  volume={1},
  number={3},
  pages={137},
  year={2004},
  publisher={IOP Publishing}
}

@book{Crank_1979,
  title={The mathematics of diffusion},
  author={Crank, John},
  year={1979},
  publisher={Oxford university press}
}

@article{Singh_Andrews_2022,
  title={Python interfaces for the Smoldyn simulator},
  author={Singh, Dilawar and Andrews, Steven S},
  journal={Bioinformatics},
  volume={38},
  number={1},
  pages={291--293},
  year={2022},
  publisher={Oxford University Press}
}
